\usepackage{biblatex}

@article{li2014toward,
  title={Toward a model of work team altruism},
  author={Li, Ning and Kirkman, Bradley L and Porter, Christopher OLH},
  journal={Academy of Management Review},
  volume={39},
  number={4},
  pages={541--565},
  year={2014},
  publisher={Academy of Management}
}
@article{costa2015direct,
  title={Direct and Contextual Influence of Team Conflict on Team Resources, Team Work Engagement, and Team Performance},
  author={Costa, Patr{\'\i}cia L and Passos, Ana M and Bakker, Arnold B},
  journal={Negotiation and Conflict Management Research},
  volume={8},
  number={4},
  pages={211--227},
  year={2015},
  publisher={Wiley Online Library}
  }
  @article{tavvcar2005skills,
  title={Skills for effective communication and work in global product development teams},
  author={Tav{\v{c}}ar, Jo{\v{z}}e and {\v{Z}}avbi, Roman and Verlinden, Jouke and Duhovnik, Jo{\v{z}}e},
  journal={Journal of engineering design},
  volume={16},
  number={6},
  pages={557--576},
  year={2005},
  publisher={Taylor \& Francis}
}
@article{barrick1998relating,
  title={Relating member ability and personality to work-team processes and team effectiveness.},
  author={Barrick, Murray R and Stewart, Greg L and Neubert, Mitchell J and Mount, Michael K},
  journal={Journal of applied psychology},
  volume={83},
  number={3},
  pages={377-391},
  year={1998},
  publisher={American Psychological Association}
}
@article{gorse2007communication,
  title={Communication behaviour during management and design team meetings: a comparison of group interaction},
  author={Gorse, Christopher A and Emmitt, Stephen},
  journal={Construction management and economics},
  volume={25},
  number={11},
  pages={1197--1213},
  year={2007},
  publisher={Taylor \& Francis}
  }
  @article{fletcher2006effects,
  title={The effects of communication modality on performance and self-ratings of teamwork components},
  author={Fletcher, Thomas D and Major, Debra A},
  journal={Journal of Computer-Mediated Communication},
  volume={11},
  number={2},
  pages={557--576},
  year={2006},
  publisher={Wiley Online Library}
}
@article{sauer2013meetings,
  title={Meetings as networks: Applying social network analysis to team interaction},
  author={Sauer, Nils Christian and Kauffeld, Simone},
  journal={Communication Methods and Measures},
  volume={7},
  number={1},
  pages={26--47},
  year={2013},
  publisher={Taylor \& Francis}
}
@misc{Agile,
 author   =  {Kent Beck,  Mike Beedle ,Arie van Bennekum ,Alistair Cockburn, Ward Cunningham, Martin Fowler, James Grenning, Jim Highsmith, Andrew Hunt, Ron Jeffries, Jon Kern, Brian Marick, Robert C. Martin, Steve Mellor, Ken Schwaber, Jeff Sutherland, Dave Thomas},
 title     = {Manifesto for Agile Software Development},
 url       = {http://agilemanifesto.org/},
 note ={(Last Visited on: 23-11-2016)}
}
@misc{DailyScrum,
 author   = {mountaingoatsoftware},
 title     = {Daily Scrum Meeting},
 url       = {https://www.mountaingoatsoftware.com/agile/scrum/daily-scrum},
note ={(Last Visited on: 23-11-2016)}
}
@misc{EffectiveScrum,
 author   = {base36},
 title     = {How to Run an Effective Scrum Meeting},
 url       = {http://www.base36.com/2013/03/how-to-run-an-effective-scrum-meeting/},
note ={(Last Visited on: 23-11-2016)}
}
@misc{LeadershipLesson,
 author   = {Yvette Pigeon,Omar Khan},
 title     = {Leadership Lesson: Tools for Effective Team Meetings - How I Learned to Stop Worrying and Love my Team},
 url       = {https://www.aamc.org/members/gfa/faculty_vitae/148582/team_meetings.html},
note ={(Last Visited on: 23-11-2016)}
}
 @article{badstand,
author =  {Phillip A Laplante},
title = {Stand and Deliver: Why I Hate Stand-Up Meetings},
journal = {Queue - Power Management },
volume = {1},
number = {7},
pages ={7},
year = {2013},
}
@article{AgileScrum,
author = { Keith Clinton},
title = {Agile game development with Scrum},
pages = {33-57},
publisher = {Addison-Wesley},
year = {2010},
series {The Addison-Wesley signature series},
}


  